This program is free software: you can redistribute it and/or modify
it under the terms of the GNU General Public License as published by
the Free Software Foundation, either version 3 of the License, or
(at your option) any later version.

This program is distributed in the hope that it will be useful,
but WITHOUT ANY WARRANTY; without even the implied warranty of
MERCHANTABILITY or FITNESS FOR A PARTICULAR PURPOSE.  See the
GNU General Public License for more details.

You should have received a copy of the GNU General Public License
along with this program.  If not, see <http://www.gnu.org/licenses/>.

PokerStars Game #56783882911: Tournament #358787032, €4.64+€0.36 EUR Hold'em No Limit - Match Round I, Level III (25/50) [AAMS ID: L2B15007D73288BO] - 2011/01/29 22:13:38 CET [2011/01/29 16:13:38 ET]
Table '358787032 1' 2-max Seat #1 is the button
Seat 1: ceppi81 (1190 in chips) 
Seat 2: stallion089 (1810 in chips) 
ceppi81: posts small blind 25
stallion089: posts big blind 50
*** HOLE CARDS ***
Dealt to stallion089 [7d Jd]
ceppi81: calls 25
stallion089: checks 
*** FLOP *** [5d 7s As]
stallion089: checks 
ceppi81: bets 100
stallion089: raises 200 to 300
ceppi81: calls 200
*** TURN *** [5d 7s As] [Ah]
stallion089: checks 
ceppi81: bets 200
stallion089: calls 200
*** RIVER *** [5d 7s As Ah] [4d]
stallion089: bets 1260 and is all-in
ceppi81: calls 640 and is all-in
Uncalled bet (620) returned to stallion089
*** SHOW DOWN ***
stallion089: shows [7d Jd] (two pair, Aces and Sevens)
ceppi81: shows [7h 3d] (two pair, Aces and Sevens - lower kicker)
stallion089 collected 2380 from pot
ceppi81 finished the tournament in 2nd place
stallion089 wins the tournament and receives €9.28 - congratulations!
*** SUMMARY ***
Total pot 2380 | Rake 0 
Board [5d 7s As Ah 4d]
Seat 1: ceppi81 (button) (small blind) showed [7h 3d] and lost with two pair, Aces and Sevens
Seat 2: stallion089 (big blind) showed [7d Jd] and won (2380) with two pair, Aces and Sevens



